<?xml version="1.0" encoding="utf-8"?>
<record xmlns="http://www.loc.gov/MARC21/slim" xmlns:xsi="http://www.w3.org/2001/XMLSchema-instance" xsi:schemaLocation="http://www.loc.gov/MARC21/slim http://www.loc.gov/standards/marcxml/schema/MARC21slim.xsd">
	<leader>     nam a22     Mi 4500</leader>
	<controlfield tag="001">3349369</controlfield>
	<controlfield tag="003">NNC</controlfield>
	<controlfield tag="006">m        d        </controlfield>
	<controlfield tag="007">cr cn |||m|||a</controlfield>
	<controlfield tag="008">181206m19251927ua abc  o     000 0cara  </controlfield>
	<datafield ind1=" " ind2=" " tag="040">
		<subfield code="a">ZYU</subfield>
		<subfield code="b">ara</subfield>
		<subfield code="e">rda</subfield>
		<subfield code="c">ZYU</subfield>
	</datafield>
	<datafield ind1=" " ind2="0" tag="050">
		<subfield code="a">Q141</subfield>
		<subfield code="b">.A43 1925</subfield>
	</datafield>
	<datafield ind1="0" ind2="0" tag="245">
		<subfield code="6">880-01</subfield>
		<subfield code="a">Aʻlām al-Muqtaṭaf :</subfield>
		<subfield code="b">wa-huwa yashmalu al-aʻlām alladhīna waradat tarjamātihim fī majladāt al-muqtaṭaf al-sābiqah min alladhīna ishtaghlū bi-al-ʻalam wa-al-fulsafah aw kāna li-hum shaʼan fī tarqīyatihim.</subfield>
	</datafield>
	<datafield ind1=" " ind2=" " tag="260">
		<subfield code="6">880-02</subfield>
		<subfield code="a">[al-Qāhirah] :</subfield>
		<subfield code="b">Maṭbaʻat al-Muqtaṭaf wa-l-Muqaṭṭam,</subfield>
		<subfield code="c">[1925?]-1927.</subfield>
	</datafield>
	<datafield ind1=" " ind2=" " tag="300">
		<subfield code="6">880-03</subfield>
		<subfield code="a">online resource (2 volumes) :</subfield>
		<subfield code="b">illustrations, portraits, maps</subfield>
	</datafield>
	<datafield ind1=" " ind2=" " tag="336">
		<subfield code="a">text</subfield>
		<subfield code="2">rdacontent</subfield>
	</datafield>
	<datafield ind1=" " ind2=" " tag="337">
		<subfield code="a">computer</subfield>
		<subfield code="2">rdamedia</subfield>
	</datafield>
	<datafield ind1=" " ind2=" " tag="338">
		<subfield code="a">online resource</subfield>
		<subfield code="2">rdacarrier</subfield>
	</datafield>
	<datafield ind1=" " ind2=" " tag="500">
		<subfield code="a">Collection of articles previously published in al-Muq̣taṭaf.</subfield>
	</datafield>
	<datafield ind1=" " ind2=" " tag="500">
		<subfield code="a">Vol. 2 has imprint: Maṭbaʻat al-Muqtaṭaf wa-al-Muqṭam bi-Miṣr.</subfield>
	</datafield>
	<datafield ind1=" " ind2=" " tag="500">
		<subfield code="a">Part of the Arabic Collections Online (ACO) project, contributed by Columbia University Libraries.</subfield>
	</datafield>
	<datafield ind1="1" ind2=" " tag="505">
		<subfield code="6">880-04</subfield>
		<subfield code="a">Juzʼ 2. al-Ruwwād.</subfield>
	</datafield>
	<datafield ind1=" " ind2=" " tag="500">
		<subfield code="a">Non-Latin script record</subfield>
	</datafield>
	<datafield ind1=" " ind2=" " tag="533">
		<subfield code="a">Electronic reproduction.</subfield>
		<subfield code="b">New York, N.Y. :</subfield>
		<subfield code="c">New York University,</subfield>
		<subfield code="d">2018.</subfield>
		<subfield code="5">NNU</subfield>
	</datafield>
	<datafield ind1=" " ind2="0" tag="650">
		<subfield code="a">Scientists</subfield>
		<subfield code="v">Biography.</subfield>
	</datafield>
	<datafield ind1=" " ind2="0" tag="650">
		<subfield code="a">Explorers</subfield>
		<subfield code="v">Biography.</subfield>
	</datafield>
	<datafield ind1=" " ind2="0" tag="650">
		<subfield code="a">Travelers</subfield>
		<subfield code="v">Biography.</subfield>
	</datafield>
	<datafield ind1=" " ind2="7" tag="650">
		<subfield code="a">Explorers.</subfield>
		<subfield code="2">fast</subfield>
		<subfield code="0">(OCoLC)fst00918556</subfield>
	</datafield>
	<datafield ind1=" " ind2="7" tag="650">
		<subfield code="a">Scientists.</subfield>
		<subfield code="2">fast</subfield>
		<subfield code="0">(OCoLC)fst01108895</subfield>
	</datafield>
	<datafield ind1=" " ind2="7" tag="650">
		<subfield code="a">Travelers.</subfield>
		<subfield code="2">fast</subfield>
		<subfield code="0">(OCoLC)fst01155691</subfield>
	</datafield>
	<datafield ind1=" " ind2="7" tag="655">
		<subfield code="a">Biography.</subfield>
		<subfield code="2">fast</subfield>
		<subfield code="0">(OCoLC)fst01423686</subfield>
	</datafield>
	<datafield ind1="2" ind2=" " tag="710">
		<subfield code="a">Columbia University.</subfield>
		<subfield code="b">Libraries.</subfield>
	</datafield>
	<datafield ind1="0" ind2=" " tag="730">
		<subfield code="6">880-05</subfield>
		<subfield code="a">Muqtaṭaf.</subfield>
	</datafield>
	<datafield ind1="0" ind2=" " tag="730">
		<subfield code="a">Arabic Collections Online.</subfield>
	</datafield>
	<datafield ind1="0" ind2="8" tag="776">
		<subfield code="i">Print version:</subfield>
		<subfield code="t">Aʻlām al-Muqtaṭaf</subfield>
		<subfield code="w">(NNC)3349369</subfield>
		<subfield code="w">(DLC)ne 74228695 </subfield>
		<subfield code="w">(OCoLC)40210542</subfield>
	</datafield>
	<datafield ind1="4" ind2="0" tag="856">
		<subfield code="u">http://hdl.handle.net/2333.1/djh9w75f</subfield>
	</datafield>
	<datafield ind1="0" ind2="0" tag="880">
		<subfield code="6">245-01</subfield>
		<subfield code="a">اعلام المقتطف :</subfield>
		<subfield code="b">وهو يشمل الاعلام الذين وردت ترجماتهم في مجلدات المقتطف السابقة من الذين اشتغلوا بالعلم والفلسفة او كان لهم شأن في ترقيتهما.</subfield>
	</datafield>
	<datafield ind1=" " ind2=" " tag="880">
		<subfield code="6">260-02</subfield>
		<subfield code="a">[القاهرة] :</subfield>
		<subfield code="b">مطبعة المقتطف والمقطم،</subfield>
		<subfield code="c">[1925؟]1927.</subfield>
	</datafield>
	<datafield ind1=" " ind2=" " tag="880">
		<subfield code="6">300-03</subfield>
		<subfield code="a">2 مج.</subfield>
		<subfield code="b">ايص.، صور.، خريطات</subfield>
		<subfield code="c">24 سم.</subfield>
	</datafield>
	<datafield ind1="1" ind2=" " tag="880">
		<subfield code="6">505-04</subfield>
		<subfield code="a">جزء 2. الرواد.</subfield>
	</datafield>
	<datafield ind1="0" ind2=" " tag="880">
		<subfield code="6">730-05</subfield>
		<subfield code="a">مقتطف.</subfield>
	</datafield>
	<datafield ind1=" " ind2=" " tag="959">
		<subfield code="a">NNU</subfield>
		<subfield code="b">WEB</subfield>
		<subfield code="c">GENI</subfield>
		<subfield code="t">0</subfield>
		<subfield code="m">Electronic access</subfield>
		<subfield code="s">01</subfield>
	</datafield>
	<datafield ind1=" " ind2=" " tag="999">
		<subfield code="i">NNC_3349369</subfield>
		<subfield code="o">(OCoLC)ocm40210542</subfield>
		<subfield code="s">columbia_aco003395</subfield>
		<subfield code="s">columbia_aco003395</subfield>
	</datafield>
</record>
